@book{dummy,
  author={Doe, John},
  title={Not a Title},
  isbn={0000000000000},
  url={https://www.google.com},
  year={2008},
  publisher={Dummy Education}
}
